@misc{nltk16,
	  author={NLTK},
	  howpublished = "\url{http://www.nltk.org/}",
	  journal={Nltk.org},
	  year={2016}}
	
	@article{2_lynch_2016,
		 author={Lynch, Simon},
		 title={LKit},
		 urldate={2016-5-14},
		 journal={LKit: A Toolkit For Natural Language Interface Construction},
		 year={2016}}
	
				@misc{3_chart_parsing_2016,
					howpublished = "\url{http://www.eng.utah.edu/~cs5340/slides/chart-parsing.4.pdf}",
					urldate={2016-5-14},
					year={2016}}
					
					@misc{4_perepelitsa_2013,
					author={Perepelitsa, Costya},
					title={What is the difference between 'Top-Down parsing' and 'Bottom-up parsing' in programming languages? - Quora},
						howpublished = "\url{https://www.quora.com/What-is-the-difference-between-Top-Down-parsing-and-Bottom-up-parsing-in-programming-languages}",
					urldate={2016-5-14},
					journal={Quora.com},
					year={2013}}
					
					@misc{5_cohen_2015,
					author={Cohen, Shay},
					title={Morphology parsing},
					year={2015}}
					
					@misc{6_blackburnstriegnitz_2016,
					author={Blackburn, PatrickStriegnitz, Kristina},
					title={11.5 Bottom-up Active Chart Parsing},
					howpublished = "\url{http://cs.union.edu/~striegnk/courses/nlp-with-prolog/html/node71.html}",
					urldate={2016-5-14},
					journal={Cs.union.edu},
					year={2016}}
					
					@article{7_manningschutze_1999,
					author={Manning, ChristopherSchutze, Hinrich},
					title={Foundations of Statistical Natural Language},
					year={1999}}
		